<record><leader>00000cas a22000007a 4500</leader><controlfield tag="001">11806440</controlfield><controlfield tag="008">850314d19031951wiuwr ne      0    0eng d</controlfield><datafield ind1=" " ind2=" " tag="010"><subfield code="a">sn 85040312 </subfield></datafield><datafield ind1=" " ind2=" " tag="040"><subfield code="a">NPV</subfield><subfield code="b">eng</subfield><subfield code="c">NPV</subfield><subfield code="d">OCLCQ</subfield></datafield><datafield ind1=" " ind2=" " tag="042"><subfield code="a">msc</subfield></datafield><datafield ind1=" " ind2=" " tag="043"><subfield code="a">n-us-wi</subfield></datafield><datafield ind1=" " ind2=" " tag="045"><subfield code="a">x0x5</subfield></datafield><datafield ind1=" " ind2=" " tag="052"><subfield code="a">4123</subfield><subfield code="b">P6</subfield></datafield><datafield ind1="0" ind2="4" tag="245"><subfield code="a">The Frederic star.</subfield></datafield><datafield ind1=" " ind2=" " tag="260"><subfield code="a">Frederic, Polk County, Wis. :</subfield><subfield code="b">J.W. Blackstone,</subfield><subfield code="c">1903-1951.</subfield></datafield><datafield ind1=" " ind2=" " tag="300"><subfield code="a">49 v. :</subfield><subfield code="b">ill.</subfield></datafield><datafield ind1=" " ind2=" " tag="310"><subfield code="a">Weekly</subfield></datafield><datafield ind1="0" ind2=" " tag="362"><subfield code="a">Vol. 1, no. 1 (Feb. 26, 1903)-v. 49, no. 29 (July 26, 1951).</subfield></datafield><datafield ind1=" " ind2=" " tag="500"><subfield code="a">Publisher varies.</subfield></datafield><datafield ind1=" " ind2=" " tag="500"><subfield code="a">Editor: J.W. Blackstone, 1903-Feb. 1913.--M.D. Hinshaw, Mar.-Dec. 18, 1913.--M.G. Sower, Dec. 25, 1913-Mar. 11, 1915.--W.H. Hansen, Mar. 18, 1915-July? 1925.--H.J. Oleson, Feb. 1926-1951.</subfield></datafield><datafield ind1=" " ind2=" " tag="525"><subfield code="a">Supplements accompany some issues.</subfield></datafield><datafield ind1=" " ind2=" " tag="530"><subfield code="a">Available on microfilm from The State Historical Society of Wisconsin.</subfield></datafield><datafield ind1=" " ind2=" " tag="752"><subfield code="a">United States</subfield><subfield code="b">Wisconsin</subfield><subfield code="c">Polk</subfield><subfield code="d">Frederic.</subfield></datafield><datafield ind1="0" ind2="7" tag="785"><subfield code="t">Inter-county leader (Centuria, Wis.)</subfield><subfield code="w">(DLC)sn 85040559</subfield></datafield><datafield ind1="0" ind2="7" tag="785"><subfield code="t">Inter-county leader and the Frederic star</subfield><subfield code="w">(DLC)sn 85040560</subfield></datafield><datafield ind1="1" ind2=" " tag="029"><subfield code="a">AU@</subfield><subfield code="b">000025799333</subfield></datafield></record>